<record><leader>00000cas a22000007a 4500</leader><controlfield tag="001">11140503</controlfield><controlfield tag="008">840911d18641917ohuwr ne      0    0eng d</controlfield><datafield ind1=" " ind2=" " tag="010"><subfield code="a">sn 84028537 </subfield></datafield><datafield ind1=" " ind2=" " tag="040"><subfield code="a">NPY</subfield><subfield code="b">eng</subfield><subfield code="c">NPY</subfield><subfield code="d">NPV</subfield><subfield code="d">NPX</subfield><subfield code="d">DLC</subfield><subfield code="d">ONP</subfield><subfield code="d">MHN</subfield><subfield code="d">OCL</subfield><subfield code="d">DLC</subfield><subfield code="d">OCLCQ</subfield><subfield code="d">OCLCF</subfield></datafield><datafield ind1="1" ind2=" " tag="029"><subfield code="a">AU@</subfield><subfield code="b">000025796042</subfield></datafield><datafield ind1=" " ind2=" " tag="042"><subfield code="a">msc</subfield></datafield><datafield ind1=" " ind2=" " tag="043"><subfield code="a">n-us-oh</subfield></datafield><datafield ind1="0" ind2="0" tag="050"><subfield code="a">Newspaper</subfield></datafield><datafield ind1="0" ind2=" " tag="130"><subfield code="a">Marietta times (Marietta, Ohio : 1864)</subfield></datafield><datafield ind1="1" ind2="4" tag="245"><subfield code="a">The Marietta times.</subfield></datafield><datafield ind1=" " ind2=" " tag="260"><subfield code="a">Marietta, Ohio :</subfield><subfield code="b">Walter C. Hood,</subfield><subfield code="c">1864-</subfield></datafield><datafield ind1=" " ind2=" " tag="300"><subfield code="a">volumes :</subfield><subfield code="b">illustrations (chiefly advertisements) ;</subfield><subfield code="c">54-65 cm</subfield></datafield><datafield ind1=" " ind2=" " tag="310"><subfield code="a">Weekly</subfield></datafield><datafield ind1=" " ind2=" " tag="336"><subfield code="a">text</subfield><subfield code="b">txt</subfield><subfield code="2">rdacontent</subfield></datafield><datafield ind1=" " ind2=" " tag="337"><subfield code="a">unmediated</subfield><subfield code="b">n</subfield><subfield code="2">rdamedia</subfield></datafield><datafield ind1=" " ind2=" " tag="338"><subfield code="a">volume</subfield><subfield code="b">nc</subfield><subfield code="2">rdacarrier</subfield></datafield><datafield ind1="0" ind2=" " tag="362"><subfield code="a">Vol. 1, no. 1 (Sept. 24, 1864)-</subfield></datafield><datafield ind1="1" ind2=" " tag="362"><subfield code="a">Ceased in Aug. 1917?</subfield><subfield code="z">Cf. Gutgesell, S. Guide to Ohio newspapers, 1974.</subfield></datafield><datafield ind1=" " ind2=" " tag="500"><subfield code="a">Publishers: Walter C. Hood, 1864-1871; S.M. M'Millen, 1871-1890.</subfield></datafield><datafield ind1=" " ind2=" " tag="500"><subfield code="a">"Democratic." Cf. Gutgesell, S. Guide to Ohio newspapers, 1974.</subfield></datafield><datafield ind1=" " ind2=" " tag="500"><subfield code="a">Editors: W.C. Hood, 1864-1871; S.M. M'Millen, 1871-1890; Benjamin J. McKinney, 1890-&lt;1900&gt;.</subfield></datafield><datafield ind1=" " ind2="0" tag="651"><subfield code="a">Marietta (Ohio)</subfield><subfield code="v">Newspapers.</subfield></datafield><datafield ind1=" " ind2="0" tag="651"><subfield code="a">Washington County (Ohio)</subfield><subfield code="v">Newspapers.</subfield></datafield><datafield ind1=" " ind2="7" tag="655"><subfield code="a">Newspapers.</subfield><subfield code="2">fast</subfield><subfield code="0">(OCoLC)fst01423814</subfield></datafield><datafield ind1=" " ind2="7" tag="651"><subfield code="a">Ohio</subfield><subfield code="z">Marietta.</subfield><subfield code="2">fast</subfield><subfield code="0">(OCoLC)fst01214467</subfield></datafield><datafield ind1=" " ind2="7" tag="651"><subfield code="a">Ohio</subfield><subfield code="z">Washington County.</subfield><subfield code="2">fast</subfield><subfield code="0">(OCoLC)fst01214488</subfield></datafield><datafield ind1="1" ind2=" " tag="700"><subfield code="a">Hood, Walter C.,</subfield><subfield code="d">-1875.</subfield></datafield><datafield ind1="1" ind2=" " tag="700"><subfield code="a">McMillen, S. M.,</subfield><subfield code="d">1840-</subfield></datafield><datafield ind1="1" ind2=" " tag="700"><subfield code="a">McKinney, Benjamin J.,</subfield><subfield code="d">1850-</subfield></datafield><datafield ind1=" " ind2=" " tag="752"><subfield code="a">United States</subfield><subfield code="b">Ohio</subfield><subfield code="c">Washington</subfield><subfield code="d">Marietta.</subfield></datafield><datafield ind1="0" ind2=" " tag="775"><subfield code="t">Marietta daily times</subfield><subfield code="w">(DLC)sn 84028536</subfield><subfield code="w">(OCoLC)11140353</subfield></datafield></record>